<record><leader>00000casaa2200000 a 4500</leader><controlfield tag="001">35635012</controlfield><controlfield tag="007">hd afv---baca</controlfield><controlfield tag="007">hd bfv---baaa</controlfield><controlfield tag="007">hd bfv---baba</controlfield><controlfield tag="008">960925d19211960nbuer nea     0    0dan c</controlfield><datafield ind1=" " ind2=" " tag="010"><subfield code="a">   00221920 </subfield></datafield><datafield ind1=" " ind2=" " tag="040"><subfield code="a">JYH</subfield><subfield code="b">eng</subfield><subfield code="c">JYH</subfield><subfield code="d">ATL</subfield><subfield code="d">OCLCQ</subfield><subfield code="d">ATL</subfield><subfield code="d">OCLCQ</subfield><subfield code="d">OCLCF</subfield><subfield code="d">OCLCO</subfield><subfield code="d">OCLCQ</subfield></datafield><datafield ind1=" " ind2=" " tag="042"><subfield code="a">pcc</subfield></datafield><datafield ind1=" " ind2=" " tag="043"><subfield code="a">n-us-nb</subfield></datafield><datafield ind1="1" ind2="4" tag="050"><subfield code="a">BX8057</subfield></datafield><datafield ind1="0" ind2="0" tag="245"><subfield code="a">Luthersk ugeblad.</subfield></datafield><datafield ind1="1" ind2="3" tag="246"><subfield code="a">Lutheran weekly</subfield></datafield><datafield ind1=" " ind2=" " tag="260"><subfield code="a">Blair, Neb. :</subfield><subfield code="b">Danish Lutheran Pub. House,</subfield><subfield code="c">1921- 1960.</subfield></datafield><datafield ind1=" " ind2=" " tag="300"><subfield code="a">40 volumes :</subfield><subfield code="b">illustrations</subfield></datafield><datafield ind1=" " ind2=" " tag="310"><subfield code="a">Biweekly,</subfield><subfield code="b">Oct. 15, 1952-1960</subfield></datafield><datafield ind1=" " ind2=" " tag="321"><subfield code="a">Weekly,</subfield><subfield code="b">1921-Oct. 1, 1952</subfield></datafield><datafield ind1=" " ind2=" " tag="336"><subfield code="a">text</subfield><subfield code="b">txt</subfield><subfield code="2">rdacontent</subfield></datafield><datafield ind1=" " ind2=" " tag="337"><subfield code="a">microform</subfield><subfield code="b">h</subfield><subfield code="2">rdamedia</subfield></datafield><datafield ind1=" " ind2=" " tag="338"><subfield code="a">microfilm reel</subfield><subfield code="b">hd</subfield><subfield code="2">rdacarrier</subfield></datafield><datafield ind1="0" ind2=" " tag="362"><subfield code="a">1. aarg., nr. 1 (5 jan. 1921)-40. aarg., nr. 26 (28 dec. 1960).</subfield></datafield><datafield ind1=" " ind2=" " tag="500"><subfield code="a">Title from caption.</subfield></datafield><datafield ind1=" " ind2=" " tag="515"><subfield code="a">Issues for 1921-1932 called also Dansk luth. kirkeblad, 45. aarg., and Danskerens, 30. aarg.</subfield></datafield><datafield ind1=" " ind2=" " tag="550"><subfield code="a">Organ of: Forenede Dansk Evangelisk Lutherske kirke i America, 1921-1945; of: United Evangelical Lutheran Church, 1946-1960.</subfield></datafield><datafield ind1=" " ind2=" " tag="580"><subfield code="a">Formed by the merger of: Danskeren (Neenah, Wis.), and: Dansk luthersk kirkeblad (Blair, Neb.).</subfield></datafield><datafield ind1=" " ind2=" " tag="533"><subfield code="a">Microfilm.</subfield><subfield code="m">v.1-40 (1921-1960):[Lacks:v.1:no. 19:p.13-14;v.15:no. 3:p.7-8;v.39:no. 13]</subfield><subfield code="b">Evanston, Ill. :</subfield><subfield code="c">American Theological Library Association,</subfield><subfield code="d">1976.</subfield><subfield code="e">21 microfilm reels ; 35 mm.</subfield><subfield code="f">(ATLA serials preservation program ; ATLA film S0286).</subfield></datafield><datafield ind1=" " ind2="0" tag="650"><subfield code="a">Lutherans, Danish</subfield><subfield code="v">Newspapers.</subfield></datafield><datafield ind1=" " ind2="0" tag="650"><subfield code="a">Danish Americans</subfield><subfield code="v">Newspapers.</subfield></datafield><datafield ind1=" " ind2="0" tag="650"><subfield code="a">Lutheran Church</subfield><subfield code="v">Newspapers.</subfield></datafield><datafield ind1=" " ind2="7" tag="650"><subfield code="a">Danish Americans.</subfield><subfield code="2">fast</subfield><subfield code="0">(OCoLC)fst00887668</subfield></datafield><datafield ind1=" " ind2="7" tag="650"><subfield code="a">Lutheran Church.</subfield><subfield code="2">fast</subfield><subfield code="0">(OCoLC)fst01003996</subfield></datafield><datafield ind1=" " ind2="7" tag="650"><subfield code="a">Lutherans, Danish.</subfield><subfield code="2">fast</subfield><subfield code="0">(OCoLC)fst01004083</subfield></datafield><datafield ind1=" " ind2="7" tag="655"><subfield code="a">Newspapers.</subfield><subfield code="2">fast</subfield><subfield code="0">(OCoLC)fst01423814</subfield></datafield><datafield ind1="2" ind2=" " tag="710"><subfield code="a">United Evangelical Lutheran Church (U.S.)</subfield></datafield><datafield ind1="2" ind2=" " tag="710"><subfield code="a">United Danish Evangelical Lutheran Church in America.</subfield></datafield><datafield ind1="1" ind2=" " tag="776"><subfield code="c">Original</subfield><subfield code="w">(DLC)sn 93060358</subfield><subfield code="w">(OCoLC)1716437</subfield></datafield><datafield ind1="1" ind2="4" tag="780"><subfield code="t">Danskeren (Neenah, Wis.)</subfield><subfield code="w">(DLC)   00221919</subfield><subfield code="w">(OCoLC)35635011</subfield></datafield><datafield ind1="1" ind2="4" tag="780"><subfield code="t">Dansk luthersk kirkeblad (Blair, Neb.)</subfield><subfield code="w">(DLC)   00221918</subfield><subfield code="w">(OCoLC)45242512</subfield></datafield><datafield ind1=" " ind2="0" tag="830"><subfield code="a">ATLA serials preservation program ;</subfield><subfield code="v">ATLA film S0286.</subfield></datafield><datafield ind1="1" ind2=" " tag="029"><subfield code="a">AU@</subfield><subfield code="b">000022036840</subfield></datafield></record>